@article{VanBevernBredereckKomusiewicsTalmonWoeginger:16:Precedence-constrained-scheduling-problems-parameterized-by-partial-order-width,
 author = {Rene van Bevern, Robert Bredereck, Laurent Bulteau, Christian Komusiewics, Nimrod Talmon & Gerhard J. Woeginger},
 journal = {Discrete Optimization and Operations Research},
 title = {Precedence-constrained scheduling problems parameterized by partial order width},
 url = {https://link.springer.com/chapter/10.1007/978-3-319-44914-2_9},
 year = {2016},
 annote = {$P2|chains|C_{\max}$ remains weakly NP-hard for width 3 \\
$P2|prec;p_j\in\{1,2\}|C_{\max}$ is W[2]-hard parameterized by the partial order width w \\
$P3|prec;p_j=1;size_j\in\{1,2\}|C_{\max}$ is W[2]-hard parameterized by the partial order width w \\}
}

@article{ChenChenMarxYeZhang:17:Parameterized-and-approximation-results-for-scheduling-with-a-low-rank-processing-time-matrix,
 author = {L Chen, D Marx, D Ye, G Zhang},
 journal = {34th Symposium on Theoretical Aspects of Computer Science (STACS 2017)},
 title = {Parameterized and approximation results for scheduling with a low rank processing time matrix},
 url = {https://drops.dagstuhl.de/entities/document/10.4230/LIPIcs.STACS.2017.22},
 year = {2017},
 annote = {$R||C_{\max}$ admits a QPTAS when the rank is 2, and APX-hard when the rank is 3}
}

@article{ChenJansenZhang:18:On-the-optimality-of-exact-and-approximation-algorithms-for-scheduling-problems,
 author = {L Chen, K Jansen, G Zhang},
 journal = {Journal of Computer and System Sciences},
 title = {[HTML] On the optimality of exact and approximation algorithms for scheduling problems},
 url = {https://www.sciencedirect.com/science/article/pii/S0022000018302320},
 year = {2018},
 annote = {$P||C_{\max}$}
}

@article{HanenKordon:24:fixed-parameter-tractability-of-scheduling-dependent-typed-tasks-subject-to-release-times-and-deadlines,
 author = {C Hanen, A Munier Kordon},
 journal = {Journal of Scheduling, 2024},
 title = {Fixed-parameter tractability of scheduling dependent typed tasks subject to release times and deadlines},
 url = {https://link.springer.com/article/10.1007/s10951-023-00788-4},
 year = {2024},
 annote = {$P|M_j;prec;r_j;d_j|C_{\max}$ is parameter tractable \\
$P|M_j;prec;r_j|L_{\max}$ is parameter tractable \\}
}

@article{HeegerHermelinMertziosMolter:23:Equitable-scheduling-on-a-single-machine,
 author = {K Heeger, D Hermelin, GB Mertzios, H Molter…},
 journal = {Journal of Scheduling},
 title = {Equitable scheduling on a single machine},
 url = {https://link.springer.com/article/10.1007/s10951-022-00754-6},
 year = {2023},
 annote = {$1|p_j=1|\sum U_j$ is solvable in polynomial time \\
$1|d_j=d|\sum U_j$ is strongly NP-hard \\}
}

@article{HermelinKarhiPinedoShabtay:21:new-algorithms-for-minimizing-the-weighted-number-of-tardy-jobs-on-a-single-machine,
 author = {D Hermelin, S Karhi, M Pinedo, D Shabtay},
 journal = {Annals of Operations Research},
 title = {New algorithms for minimizing the weighted number of tardy jobs on a single machine},
 url = {https://link.springer.com/article/10.1007/s10479-018-2852-9},
 year = {2021},
 annote = {$1||\sum w_jU_j$ is NP-hard}
}

@article{HermelinMnichOmlor:24:Serial-batching-to-minimize-the-weighted-number-of-tardy-jobs,
 author = {D Hermelin, M Mnich, S Omlor},
 journal = {Journal of Scheduling},
 title = {Serial batching to minimize the weighted number of tardy jobs},
 url = {https://link.springer.com/article/10.1007/s10951-024-00818-9},
 year = {2024},
 annote = {$1|s-batch;r_j|\sum w_jU_j$ is W[1]-hard parameterized by the number of distinct processing times and distinct due dates \\
$1|s-batch;r_j|\sum w_jU_j$ is fixed parameter tractable}
}

@article{JansenKahlerZwanger:24:Exact-and-approximate-high-multiplicity-scheduling-on-identical-machines,
 author = {K Jansen, K Kahler, E Zwanger},
 journal = {arXiv preprint arXiv:2404.17274},
 title = {Exact and approximate high-multiplicity scheduling on identical machines},
 url = {https://arxiv.org/abs/2404.17274},
 year = {2024},
 annote = {$P||C_{\max}$ is strongly NP-hard \\
$P||C_{\min}$}
}

@article{KnopKoutecky:20:Scheduling-kernels-via-configuration-LP,
 author = {D Knop, M Koutecký},
 title = {Scheduling kernels via configuration LP},
 url = {https://arxiv.org/abs/2003.02187},
 year = {2020},
 annote = {$P||C_{\max}$ \\
$P||\sum w_jC_j$ \\
$R||C_{\max}$ \\
$R||\sum w_jC_j$}
}

@article{KnopKoutecky:18:Scheduling-meets-n-fold-integer-programming,
 author = {D Knop, M Koutecký},
 journal = {Journal of Scheduling},
 title = {Scheduling meets n-fold integer programming},
 url = {https://link.springer.com/article/10.1007/s10951-017-0550-0},
 year = {2018},
 annote = {$Q||C_{\max}$ is parameterized by $p_{max}$ and fixed parameter tractable \\
$R||C_{\max}$ is parameterized by $p_{max}$ and the number of kinds of machine, and fixed parameter tractable \\
$R||\sum w_jC_j$ is parameterized by $p_{max}$ and the number of kinds of machine, and fixed parameter tractable \\
$R||\sum w_jC_j$ is parameterized by the number of distinct job times and the number of machines, and fixed parameter tractable \\}
}

@article{MnichVanBevern:18:parameterized-complexity-of-machine-scheduling,
 author = {M Mnich, R Van Bevern},
 journal = {Computers & Operations Research},
 title = {Parameterized complexity of machine scheduling: 15 open problems},
 url = {https://www.sciencedirect.com/science/article/pii/S0305054818302041},
 year = {2018},
 annote = {$1||\sum w_jT_j$ is strongly NP-hard \\
$1|p_j=p|\sum w_jT_j$ is in polynomial time solvable \\
$1||\sum T_j$ is in pseudo-polynomial time solvable \\
$1|prec|\sum w_jC_j$ \\
$1|r_j|\sum U_j$ with $p_j<=c$ for constant c \\ 
$1||sum U_j$ is polynomial time solvable \\ 
$1|r_j|\sum w_jU_j$ is weakly NP-hard and pseudo-polynomial time solvable \\
$1|prec;p_j=1|\sum U_j$ is fixed parameter tractable \\
$1||C_{\max}$ \\
$P||C_{\max}$ is fixed parameter tractable \\
$R||C_{\max}$ is fixed parameter tractable \\ 
$P2|chains|C_{\max}$ is weakly NP-hard \\
$P|prec;p_j=1|C_{\max}$ is W[2]-hard parameterized by the partial order width and numbers of machines \\
$P2|prec;p_j\in\{1,2\}|C_{\max}$ is W[2]-hard parameterized by the partial order width \\
$P3|prec;size_j\in\{1,2\}|C_{\max}$ is W[2]-hard parameterized by the partial order width \\
$P|r_j;p_j=p|\sum w_jU_j$ is solvable in polynomial time \\
$P|p_j=p|\sum w_jU_j$ is solvable in polynomial time \\
$P|p_j=p;pmtn|\sum w_jU_j$ is strongly NP-hard \\
$P|d_j-r_j=p_j|\sum w_jU_j$ is solvable in $O(n^2\log n)$ \\
$P|M_j;d_j-r_j=p_j|\sum w_jU_j$ is NP-hard and solvable in $O(n^{m+1})$ \\
$P|pmtn;r_j|\sum C_j$ is NP-hard \\
$P|pmtn|\sum U_j$ is NP-hard \\
$P|pmtn|\sum T_j$ is NP-hard \\
$J||C_{\max}$ is NP-hard \\
$O||C_{\max}$ is NP-hard and fixed parameter tractable \\
$F3||C_{\max}$ is strongly NP-hard \\
$O3||C_{\max}$ is strongly NP-hard \\
$J3|p_{ij}=1|C_{\max}$ is NP-hard \\
$J2|p_{ij}=1;r_j|\sum U_j$ is NP-hard \\
$J2|p_{ij}=1|\sum w_jU_j$ is NP-hard \\
$O|p_{ij}=1;r_j|\sum U_j$ is NP-hard \\
$O|p_{ij}=1|\sum w_jU_j$ is fixed parameter tractable \\}
}

@article{ProtBellenguez:18:A-survey-on-how-the-structure-of-precedence-constraints-may-change-the-complexity-class-of-scheduling-problems,
 author = {D Prot, O Bellenguez},
 journal = {Journal of Scheduling},
 title = {A survey on how the structure of precedence constraints may change the complexity class of scheduling problems},
 url = {https://link.springer.com/article/10.1007/s10951-017-0519-z},
 year = {2018},
 annote = {$P|sp-graph;p_j=p|C_{\max}$ is solvable in polynomial time}
}

@article{WeerdtBaartHe:21:single-machine-scheduling-with-release-times-deadlines-setup-times-and-rejection,
 author = {M de Weerdt, R Baart, L He},
 journal = {European Journal of Operational Research},
 title = {Single-machine scheduling with release times, deadlines, setup times, and rejection},
 url = {https://www.sciencedirect.com/science/article/pii/S0377221720308468},
 year = {2021},
 annote = {$1|r_j;s_{jk};reject;\bar d_j|\sum w_jT_j - \sum v_j$ is fixed parameter tractable}
}
