@article{chrobak2007online,
  title={Online scheduling of equal-length jobs: Randomization and restarts help},
  author={Chrobak, Marek and Jawor, Wojciech and Sgall, Ji{\v{r}}{\'\i} and Tich{\`y}, Tom{\'a}{\v{s}}},
  journal={SIAM Journal on Computing},
  volume={36},
  number={6},
  pages={1709--1728},
  year={2007},
  publisher={SIAM},
  Annote = {$1|p_j=p;online-r_j|\sum U_j$ algorithm RandLock has randomized competitive ratio 5/3}
}

@inproceedings{baruah1994line,
  title={On-line scheduling to maximize task completions},
  author={BARUAH, S},
  booktitle={Proc. IEEE Real-Time Syst. Symp.(RTSS)},
  volume={15},
  pages={228--236},
  year={1994},
  Annote = {$1|p_j=p;online-r_j|\sum U_j$ Greedy algorithm has deterministc competitive ratio exactly 2\\
  $1|p_j=p;online-r_j|\sum U_j$ every deterministic algorithm has deterministc competitive ratio $\geq 2$}  
}

@article{GOLDMAN2000370,
title = {Online Scheduling with Hard Deadlines},
journal = {Journal of Algorithms},
volume = {34},
number = {2},
pages = {370-389},
year = {2000},
issn = {0196-6774},
doi = {https://doi.org/10.1006/jagm.1999.1060},
url = {https://www.sciencedirect.com/science/article/pii/S019667749991060X},
author = {Sally A Goldman and Jyoti Parwatikar and Subhash Suri},
  Annote = {$1|p_j=p;online-r_j|\sum U_j$ randomized competitive ratio is $\geq 4/3$}
}

@inproceedings{Shahkooh_Bohm_Jez_Bareley_2022,
  title = {Barely Random Algorithms for Online Scheduling with Equal Job Sizes},
  author = {Shahkooh, Neda Abbasi  and Böhm, Martin  and Jeż, Łukasz},
  booktitle = {Proc. of the 15th Workshop on Models and Algorithms for Planning and Scheduling (MAPSP)},
  year = {2022},
  Annote = {$1|p_j=p;online-r_j|\sum U_j$ algorithm Procrastinator has randomized competitive ratio 5/3}
}

@article{uzsoy1994scheduling,
  title={Scheduling a single batch processing machine with non-identical job sizes},
  author={Uzsoy, Reha},
  journal={The International Journal of Production Research},
  volume={32},
  number={7},
  pages={1615--1635},
  year={1994},
  publisher={Taylor \& Francis},
  Annote={$1|p-batch;size_j|\sum C_j$ is NP-complete\\
  $1|p-batch;size_j|\sum C_j$ has an exact Branch-and-Bound solution}
}

@article{azizoglu2000scheduling,
  title={Scheduling a batch processing machine with non-identical job sizes},
  author={Azizoglu, Meral and Webster, Scott},
  journal={International Journal of Production Research},
  volume={38},
  number={10},
  pages={2173--2184},
  year={2000},
  publisher={Taylor \& Francis},
  Annote={$1|p-batch;size_j|\sum C_j$ has an exact Branch-and-Bound solution}
}

@article{parsa2016minimizing,
  title={Minimizing total flow time on a batch processing machine using a hybrid max--min ant system},
  author={Parsa, N Rafiee and Karimi, Behrooz and Husseini, SM Moattar},
  journal={Computers \& Industrial Engineering},
  volume={99},
  pages={372--381},
  year={2016},
  publisher={Elsevier},
  Annote={$1|p-batch;size_j|\sum C_j$ has an ant-colony solution}
}

@article{alfieri2021column,
  title={Column generation for minimizing total completion time in a parallel-batching environment},
  author={Alfieri, Arianna and Druetto, Alessandro and Grosso, Andrea and Salassa, Fabio},
  journal={Journal of Scheduling},
  volume={24},
  pages={569--588},
  year={2021},
  publisher={Springer},
  Annote={$1|p-batch;size_j|\sum C_j$ column generation, arc-flow}
}

@article{druetto2022column,
  title={Column generation and rounding heuristics for minimizing the total weighted completion time on a single batching machine},
  author={Druetto, Alessandro and Grosso, Andrea},
  journal={Computers \& Operations Research},
  volume={139},
  pages={105639},
  year={2022},
  publisher={Elsevier},
  Annote={$1|p-batch;size_j|\sum w_jC_j$ has a column generation based solution}
}

@article{trindade2021arc,
  title={Arc-flow approach for single batch-processing machine scheduling},
  author={Trindade, Renan Spencer and de Ara{\'u}jo, Olinto C{\'e}sar Bassi and Fampa, Marcia},
  journal={Computers \& Operations Research},
  volume={134},
  pages={105394},
  year={2021},
  publisher={Elsevier},
  Annote={$1|p-batch;size_j|C_{\max}$ can be solved with the arc-flow optimization approach}
}

