@article{MnichWiese:15:Scheduling-and-fixed-parameter,
	Author = {Mnich, Matthias and Wiese, Andreas},
	Date-Modified = {2017-06-19 08:46:13 +0000},
	Journal = {Mathematical Programming},
	Number = {1-2},
	Pages = {533--562},
	Publisher = {Springer},
	Title = {Scheduling and fixed-parameter tractability},
	Volume = {154},
	Year = {2015},
	Annote = {$P||C_{\max} [p_{\max}]$ is fixed parameter tractable\\
              $R||C_{\max} [\#p;m]$ is fixed parameter tractable}}
