
@article{AM09,
  title={Single machine precedence constrained scheduling is a vertex cover problem},
  author={Amb{\"u}hl, Christoph and Mastrolilli, Monaldo},
  journal={Algorithmica},
  volume={53},
  number={4},
  pages={488--503},
  year={2009},
  publisher={Springer},
    ANNOTE = {$1|2-dim partial order|\sum w_jC_j$ is in $P$}
  }

  @article{AMMS11,
  title={On the Approximability of Single-Machine Scheduling with Precedence Constraints},
  author={Amb{\"u}hl, Christoph and Mastrolilli, Monaldo and Mutsanas, Nikolaus and Svensson, Ola},
  journal={Mathematics of Operations Research},
  volume={36},
  number={4},
  pages={653--669},
  year={2011},
  publisher={INFORMS},
    ANNOTE = {$1|interval order|\sum w_jC_j$ is $NP$-hard}
  }

@article{GJTY83,
  title={Scheduling opposing forests},
  author={Garey, M.R. and Johnson, D.S. and Tarjan, R.E. and Yannakakis, M.},
  journal={SIAM Journal on Algebraic Discrete Methods},
  volume={4},
  number={1},
  pages={72--93},
  year={1983},
  publisher={SIAM},
    ANNOTE = {$P|opposing forest;p_j=p|C_{\max} [m]$ is in $P$,\\
	$P|opposing forest;p_j=1|C_{\max}$ is $NP$-hard}
  }

@article{DW84,
  title={Scheduling precedence graphs of bounded height},
  author={Dolev, Danny and Warmuth, Manfred K.},
  journal={Journal of Algorithms},
  volume={5},
  number={1},
  pages={48--59},
  year={1984},
  publisher={Elsevier},
    ANNOTE = {$P|bounded height;p_j=p|C_{\max} [m]$ is in $P$}
  }

@article{DW85,
  title={Profile scheduling of opposing forests and level orders},
  author={Dolev, Danny and Warmuth, Manfred K.},
  journal={SIAM Journal on Algebraic Discrete Methods},
  volume={6},
  number={4},
  pages={665--687},
  year={1985},
  publisher={SIAM},
    ANNOTE = {$P|level order;p_j=p|C_{\max} [m]$ is in $P$}
  }

  @article{PY79,
  title={Scheduling interval-ordered tasks},
  author={Papadimitriou, Christos H. and Yannakakis, Mihalis},
  journal={SIAM Journal on Computing},
  volume={8},
  number={3},
  pages={405--409},
  year={1979},
  publisher={SIAM},
    ANNOTE = {$P|interval order;p_j=p|C_{\max}$ is in $P$}
  }

  @incollection{M89,
year={1989},
booktitle={Algorithms and Order},
volume={255},
series={NATO ASI Series},
editor={Rival, Ivan},
title={Computationally Tractable Classes of Ordered Sets},
publisher={Springer Netherlands},
author={M\"ohring, Rolf H.},
pages={105-193},
    ANNOTE = {$P|interval order;p_j=p|\sum C_j$ is in $P$}
  }


  @article{M99,
  title={Optimal scheduling on parallel machines for a new order class},
  author={Moukrim, Aziz},
  journal={Operations research letters},
  volume={24},
  number={1},
  pages={91--95},
  year={1999},
  publisher={Elsevier},
    ANNOTE = {$P|quasi-interval order;p_j=p|C_{\max}$ is in $P$}
  }

  @article{CM05,
  title={The Coffman--Graham Algorithm Optimally Solves UET Task Systems with Overinterval Orders},
  author={Chardon, Marc and Moukrim, Aziz},
  journal={SIAM Journal on Discrete Mathematics},
  volume={19},
  number={1},
  pages={109--121},
  year={2005},
  publisher={SIAM},
    ANNOTE = {$P|over-interval order;p_j=p|C_{\max}$ is in $P$}
  }

@article{KRP09,
author= {Kubiak, Wieslaw and Rebaine, Djamal and Potts, Chris},
title = {{Optimality of HLF for scheduling divide-and-conquer UET task graphs on identical parallel processors}},
journal = {Discrete Optimization},
volume={6},
issue={1},
pages={79-91},
year={2009},
    ANNOTE = {$P|DC-graph;p_j=p|C_{\max}$ is in $P$}
  }

  @article{D99,
  title={Scheduling preemptive jobs with precedence constraints on parallel machines},
  author={Djellab, Khaled},
  journal={European journal of operational research},
  volume={117},
  number={2},
  pages={355--367},
  year={1999},
  publisher={Elsevier},
    ANNOTE = {$P|pmtn;interval order|C_{\max}$ is in $P$}
  }


  @article{MQ05,
  title={Optimal preemptive scheduling on a fixed number of identical parallel machines},
  author={Moukrim, Aziz and Quilliot, Alain},
  journal={Operations research letters},
  volume={33},
  number={2},
  pages={143--150},
  year={2005},
  publisher={Elsevier},
    ANNOTE = {$P|pmtn;Am-order|C_{\max}$ is in $P$}
  }

