@inproceedings{deWeerdt:single-machine-with-rejection,
title = {Single-machine scheduling with release times, deadlines, setup times, and rejection},
author = {de Weerdt, Mathijs and Baart, Robert and He, Lei},
journal = {European Journal of Operational Research},
volume = {291},
number = {2},
pages = {629--639},
Publisher = {ScienceDirect},
year = {2021},
Annote = {$1}
}