%% This BibTeX bibliography file was created using BibDesk.
%% http://bibdesk.sourceforge.net/


%% Created for Christoph Durr at 2017-06-19 13:38:03 +0200 


%% Saved with string encoding Unicode (UTF-8) 



@book{Pinedo:12:Scheduling-Theory,
	Author = {Michael L. Pinedo},
	Date-Added = {2017-06-19 10:05:44 +0000},
	Date-Modified = {2017-06-19 10:06:11 +0000},
	Publisher = {Springer},
	Title = {Scheduling, Theory, Algorithms, and Systems},
	Year = {2012}}

@book{BruckerKnust:12:Complex-Scheduling,
	Author = {Peter Brucker and Sigrid Knust},
	Date-Added = {2017-06-19 10:04:31 +0000},
	Date-Modified = {2017-06-19 10:05:09 +0000},
	Edition = {2},
	Publisher = {Springer},
	Title = {Complex Scheduling},
	Year = {2012}}

@book{Brucker:07:Scheduling-algorithms,
	Author = {Peter Brucker},
	Date-Added = {2017-06-19 10:02:54 +0000},
	Date-Modified = {2017-06-19 10:03:33 +0000},
	Publisher = {Springer},
	Title = {Scheduling algorithms},
	Year = {2007}}

@webpage{Knust:09:Class,
	Date-Added = {2017-06-19 09:56:14 +0000},
	Date-Modified = {2017-06-19 11:37:59 +0000},
	Title = {http://www2.informatik.uni-osnabrueck.de/knust/class/},
	Url = {http://www2.informatik.uni-osnabrueck.de/knust/class/},
	Year = {2009}}

@article{LagewegLenstra:82:Computer-Aided-complexity,
	Author = {Lageweg, BJ and Lenstra, Jan Karel and Lawler, EL and Kan, AHG},
	Date-Added = {2017-06-19 09:53:22 +0000},
	Date-Modified = {2017-06-19 09:53:23 +0000},
	Journal = {Communications of the ACM},
	Number = {11},
	Pages = {817--822},
	Publisher = {ACM},
	Title = {Computer-Aided complexity classification of combinational problems},
	Volume = {25},
	Year = {1982}}

@article{GrahamLawler:79:Optimization-and-approximation,
	Author = {Graham, Ronald L and Lawler, Eugene L and Lenstra, Jan Karel and Kan, AHG Rinnooy},
	Date-Added = {2017-06-19 09:52:37 +0000},
	Date-Modified = {2017-06-19 09:52:38 +0000},
	Journal = {Annals of discrete mathematics},
	Pages = {287--326},
	Publisher = {Elsevier},
	Title = {Optimization and approximation in deterministic sequencing and scheduling: a survey},
	Volume = {5},
	Year = {1979}}
